

@article{freedman,
  author = {Freedman, Daniel Z.},
  journal = {Phys. Rev. D},
  volume = {9},
  issue = {5},
  pages = {1389},
  numpages = {0},
  year = {1974},
  publisher = {American Physical Society},
  doi = {10.1103/PhysRevD.9.1389},
  url = {https://link.aps.org/doi/10.1103/PhysRevD.9.1389}
}


@article{dodd,
  author = {A.C. Dodd, E. Papageorgiu, and S. Ranfone},
  journal = {Phys. Lett. B},
  volume = {266},
  pages = {434},
  year = {1991},
}


@article{patton,
  author = {P.S. Amanik and G.C. McLaughlin},
  journal = {J. Phys. G},
  volume = {36},
  pages = {015105},
  year = {2009},
}

@article{patton2,
  author = {K. Patton, J. Engel, G. C. McLaughlin and N. Schunck},
  journal = {Phys. Rev. C},
  volume = {86},
  pages = {024612},
  year = {2012},
}

@article{larry,
  author = {L.M. Krauss},
  journal = {Phys. Lett. B},
  volume = {269},
  pages = {407},
  year = {1991},
}

@misc{ESS,
    author={D. Baxter and others},
    eprint={1911.00762},
    archivePrefix={arXiv},
    note = {{\it JHEP}, 02:123, 2020, arXiv:1911.00762},
    primaryClass={physics.ins-det}
}


@article{ournim,
journal = "Nucl. Instr.  Meth. Phys. Res. A",
volume = "773",
pages = "56",
year = "2015",
issn = "0168-9002",
doi = "https://doi.org/10.1016/j.nima.2014.11.037",
url = "http://www.sciencedirect.com/science/article/pii/S0168900214013254",
author = "J. I. Collar and others",
keywords = "Neutrino interactions, Spallation sources, Cesium iodide, Coherent neutrino scattering, CENNS",
}


@article{leo,
  author = {Drukier, A. and Stodolsky, L.},
  journal = {Phys. Rev. D},
  volume = {30},
  issue = {11},
  pages = {2295},
  numpages = {0},
  year = {1984},
  publisher = {American Physical Society},
  doi = {10.1103/PhysRevD.30.2295},
  url = {https://link.aps.org/doi/10.1103/PhysRevD.30.2295}
}


@article {science,
	author = {Akimov, D. and others},
	volume = {357},
	pages = {1123},
	year = {2017},
	doi = {10.1126/science.aao0990},
	publisher = {American Association for the Advancement of Science},
	issn = {0036-8075},
	journal = {Science}
}


@article{diff,
journal = "Phys. Lett. B",
volume = "162",
number = "4",
pages = "370",
year = "1985",
issn = "0370-2693",
doi = "https://doi.org/10.1016/0370-2693(85)90942-6",
url = "http://www.sciencedirect.com/science/article/pii/0370269385909426",
author = "L.M. Sehgal",
abstract = "Differences in the neutrino charge radius produce differences in
the scattering of ve, vŒº and vœÑ on nuclear targets. For coherent elastic
scattering on a spin-zero isoscalar nucleus, the cross sections at low q2
(‚™Ö 1 MeV)2 are in the ratio œÉ(ve):œÉ(vŒº):(œÉ(vœÑ) = 1:1.04:1.06.
Radiative corrections can also induce a difference between the refractive
indices of vŒº and vœÑ in matter. This difference is nominally of order
(GFNeEv)(Œ±œÄ)2 ln(m2œÑm2Œº), and corresponds to a phase oscillation length
of ‚àº 100 m for an electron density Ne = 1010√ó6√ó1023 cm‚àí3."
}



@article{Barranco:2005yy,
      author         = "Barranco, J. and Miranda, O. G. and Rashba, T. I.",
      journal        = "JHEP",
      volume         = "0512",
      year           = "2005",
      pages          = "021",
      doi            = "10.1088/1126-6708/2005/12/021",
      eprint         = "hep-ph/0508299",
      archivePrefix  = "arXiv",
      primaryClass   = "hep-ph",
      reportNumber   = "MPP-2005-85",
      SLACcitation   = "%%CITATION = HEP-PH/0508299;%%"
}

@article{new2,
  author = {J. Barranco, O. G. Miranda, and T. I. Rashba},
  journal = {Phys. Rev. D},
  volume = {76},
  pages = {073008},
  year = {2007},
}

@article{Bernabeu:2002pd,
      author         = "Bernabeu, J. and Papavassiliou, J. and Vidal, J.",
      journal        = "Nucl. Phys.",
      volume         = "B680",
      year           = "2004",
      pages          = "450",
      doi            = "10.1016/j.nuclphysb.2003.12.025",
      eprint         = "hep-ph/0210055",
      archivePrefix  = "arXiv",
      primaryClass   = "hep-ph",
      reportNumber   = "FTUV-02-1003, IFIC-02-47",
      SLACcitation   = "%%CITATION = HEP-PH/0210055;%%"
}


@article{nst1,
  author = {Cadeddu, M. and Giunti, C. and Li, Y. F. and Zhang, Y. Y.},
  journal = {Phys. Rev. Lett.},
  volume = {120},
  issue = {7},
  pages = {072501},
  numpages = {6},
  year = {2018},
  publisher = {American Physical Society},
  doi = {10.1103/PhysRevLett.120.072501},
  url = {https://link.aps.org/doi/10.1103/PhysRevLett.120.072501}
}

@misc{carlos,
      author         = "Blanco, C. and Hooper, D. and Machado, P.",
      year           = "2019",
      eprint         = "1901.08094",
      archivePrefix  = "arXiv",
      primaryClass   = "hep-ph",
      reportNumber   = "FERMILAB-PUB-19-019-A-T",
      SLACcitation   = "%%CITATION = ARXIV:1901.08094;%%",
      note = {arXiv:1901.08094},
}

@article{burman,
journal = "Nucl. Instr.  Meth. Phys. Res. A",
volume = "398",
number = "2",
pages = "147",
year = "1997",
issn = "0168-9002",
doi = "https://doi.org/10.1016/S0168-9002(97)00821-8",
url = "http://www.sciencedirect.com/science/article/pii/S0168900297008218",
author = "R.L. Burman and P. Plischke",
abstract = "The neutrino production rates for a spallation neutron source
with proton beams in the energy range 650 < Tp < 2200 MeV are calculated to
an estimated accuracy of 25%. The target geometries used are based on the
tantalum and mercury targets proposed for the European Spallation Source.
Results for ŒΩŒº, ŒΩe, and ŒΩŒº rates due to œÄ+ and Œº+ decay at rest, and
for ŒΩŒº rates from œÄ+ decay in flight, are presented in terms of neutrinos
per proton. Production rates for decay at rest from a tantalum target are
calculated to be (ŒΩ p‚àí1)=0.075 at Tp=1000 MeV, and 0.327 at 2200 MeV. For
a neutrino detector located 20 m from a tantalum target, and at 0¬∞ to a
1500 MeV proton beam, the integrated flux of ŒΩŒº above 150 MeV from œÄ+
decay in flight is 3.0 √ó 105 cm‚àí2 s‚àí1. Backgrounds of ŒΩe, from the
œÄ‚àí decay-in-flight and Œº‚àí decay-at-rest chain, vary from 0.05% to
0.09% of the ŒΩe flux."
}


@MISC{report,
note = "R.L. Burman and P. Plischke, {\it Neutrino Flux Calculations for the proposed European Spallation Source}, Forschungszentrum Karlsruhe report FZKA-5834,  1996.",
}

@article{louis,
	doi = {10.1088/0954-3899/29/11/006},
	url = {https://doi.org/10.1088%2F0954-3899%2F29%2F11%2F006},
	year = 2003,
	publisher = {{IOP} Publishing},
	volume = {29},
	number = {11},
	pages = {2499},
	author = {R L Burman and W C Louis},
	journal = {J Phys. G: Nucl. Part. Phys.},
}

@online{damic1,
howpublished = {\url{https://damic.uchicago.edu/index.php}},
}

@article{damic2,
  author = {Aguilar-Arevalo, A. and others},
  collaboration = {DAMIC Collaboration},
  journal = {Phys. Rev. D},
  volume = {94},
  issue = {8},
  pages = {082006},
  numpages = {11},
  year = {2016},
  publisher = {American Physical Society},
  doi = {10.1103/PhysRevD.94.082006},
  url = {https://link.aps.org/doi/10.1103/PhysRevD.94.082006}
}

@article{damic3,
  author = {Aguilar-Arevalo and others},
  collaboration = {DAMIC Collaboration},
  journal = {Phys. Rev. Lett.},
  volume = {123},
  issue = {18},
  pages = {181802},
  numpages = {6},
  year = {2019},
  publisher = {American Physical Society},
  doi = {10.1103/PhysRevLett.123.181802},
  url = {https://link.aps.org/doi/10.1103/PhysRevLett.123.181802}
}

@article{damic4,
  author = {Abramoff, O. and others},
  collaboration = {SENSEI Collaboration},
  journal = {Phys. Rev. Lett.},
  volume = {122},
  issue = {16},
  pages = {161801},
  numpages = {6},
  year = {2019},
  publisher = {American Physical Society},
  doi = {10.1103/PhysRevLett.122.161801},
  url = {https://link.aps.org/doi/10.1103/PhysRevLett.122.161801}
}

@inproceedings{next1,
      author         = "Gomez-Cadenas, J. J.",
      eprint         = "1906.01743",
      archivePrefix  = "arXiv",
      primaryClass   = "hep-ex",
      note = {arXiv:1906.01743},
      SLACcitation   = "%%CITATION = ARXIV:1906.01743;%%"
}

@article{next2,
      author         = "Monrabal, F. and others",
      collaboration  = "NEXT collaboration",
      journal        = "JINST",
      volume         = "13",
      year           = "2018",
      number         = "12",
      pages          = "P12010",
      doi            = "10.1088/1748-0221/13/12/P12010",
      eprint         = "1804.02409",
      archivePrefix  = "arXiv",
      primaryClass   = "physics.ins-det",
      reportNumber   = "FERMILAB-PUB-18-113-CD",
      SLACcitation   = "%%CITATION = ARXIV:1804.02409;%%"
}

@article{next3,
      author         = "Renner, J. and others",
      collaboration  = "NEXT collaboration",
      journal        = "Nucl. Instr.  Meth. Phys. Res.",
      volume         = "A793",
      year           = "2015",
      pages          = "62",
      doi            = "10.1016/j.nima.2015.04.057",
      eprint         = "1409.2853",
      archivePrefix  = "arXiv",
      primaryClass   = "physics.ins-det",
      SLACcitation   = "%%CITATION = ARXIV:1409.2853;%%"
}


@MISC{tayloe,
note = "R. Tayloe, presentation in The Magnificent CEvNS 2019. \\ Available from https://indico.cern.ch/event/844613/contributions/3615319/",
}

@article{tayloe2,
      author         = "D. Akimov and others",
      note = {arXiv:1911.06422},
}

@article{ppc,
	doi = {10.1088/1475-7516/2007/09/009},
	url = {https://doi.org/10.1088%2F1475-7516%2F2007%2F09%2F009},
	year = 2007,
	publisher = {{IOP} Publishing},
	volume = {2007},
	number = {09},
	pages = {009},
	author = {P. S. Barbeau and J. I. Collar and O. Tench},
	journal = {JCAP},
}

@article{eric,
  author = {Baxter, D. and others},
  journal = {Phys. Rev. Lett.},
  volume = {118},
  issue = {23},
  pages = {231301},
  numpages = {5},
  year = {2017},
  publisher = {American Physical Society},
  doi = {10.1103/PhysRevLett.118.231301},
  url = {https://link.aps.org/doi/10.1103/PhysRevLett.118.231301}
}


@article{csiqf,
  author = {Collar, J. I. and Kavner, A. R. L. and Lewis, C. M.},
  journal = {Phys. Rev. D},
  volume = {100},
  issue = {3},
  pages = {033003},
  numpages = {8},
  year = {2019},
  publisher = {American Physical Society},
  doi = {10.1103/PhysRevD.100.033003},
  url = {https://link.aps.org/doi/10.1103/PhysRevD.100.033003}
}


@misc{d2o,
    author={R. Rapp},
    eprint={1910.00630},
    archivePrefix={arXiv},
    primaryClass={physics.ins-det},
    note = {arXiv:1910.00630}
}

@phdthesis{bjorn,
author={Scholz, B.},
school={University of Chicago},
year={2017},
eprint         = "1904.01155",
archivePrefix  = "arXiv",   
    note = {arXiv:1904.01155}
}

@article{shoemaker,
  author = {Shoemaker, I. M.},
  journal = {Phys. Rev. D},
  volume = {95},
  issue = {11},
  pages = {115028},
  numpages = {7},
  year = {2017},
   publisher = {American Physical Society},
  doi = {10.1103/PhysRevD.95.115028},
  url = {https://link.aps.org/doi/10.1103/PhysRevD.95.115028}
}
